%! Author = lili
%! Date = 04.09.25

